@online{eLib,
  author   = {eLibrary},
  title    = {Научная электронная библиотека},
  url      = {https://www.elibrary.ru},
  urldate  = {2024-03-07},
  language = {russian}
}

@online{midjourney,
  author   = {Midjourney},
  title    = {Midjourney},
  url      = {https://www.midjourney.com/home},
  urldate  = {2024-03-07},
  language = {russian}
}

@online{gigachat,
  author   = {SberDevices},
  title    = {Гигачат},
  url      = {https://developers.sber.ru/gigachat},
  urldate  = {2024-03-07},
  language = {russian}
}

@online{chat_gpt,
  author   = {OpenAI},
  title    = {Chat GPT},
  url      = {https://chatgpt.com/},
  urldate  = {2024-03-07},
  language = {russian}
}

@online{OAuth_google,
  author   = {Google},
  title    = {Using OAuth 2.0 to Access Google APIs},
  url      = {https://developers.google.com/static/identity/protocols/oauth2/images/flows/authorization-code.png},
  urldate  = {2024-03-08},
  language = {english}
}

@online{mathpix,
  author   = {Mathpix},
  title    = {PDF to LaTeX},
  language = {english},
  langid   = {english},
  url      = {https://mathpix.com/pdf-to-latex},
  urldate  = {2024-03-07},
}

@online{grab_cut,
  author   = {OpenCV},
  title    = {Interactive Foreground Extraction using GrabCut Algorithm},
    language = {english},
  langid   = {english},
  url      = {https://docs.opencv.org/3.4/d8/d83/tutorial_py_grabcut.html},
  urldate  = {2024-04-25},
}

@online{gauss_blur,
  author   = {OpenCV},
  title    = {Smoothing Images},
  language = {english},
  langid   = {english},
  url      = {https://docs.opencv.org/4.x/d4/d13/tutorial_py_filtering.html},
  urldate  = {2024-04-25},
}

@online{canny,
  author   = {OpenCV},
  title    = {Canny Edge Detection},
  language = {english},
  langid   = {english},
  url      = {https://docs.opencv.org/4.x/da/d22/tutorial_py_canny.html},
  urldate  = {2024-04-25},
}

@online{opencv_contours,
  author   = {OpenCV},
  title    = {Contours : Getting Started},
  language = {english},
  langid   = {english},
  url      = {https://docs.opencv.org/3.4/d4/d73/tutorial_py_contours_begin.html},
  urldate  = {2024-04-25},
}

@online{opencv_approx,
  author   = {OpenCV},
  title    = {Structural Analysis and Shape Descriptors},
  language = {english},
  langid   = {english},
  url      = {https://docs.opencv.org/4.x/d3/dc0/group__imgproc__shape.html},
  urldate  = {2024-04-25},
}

@online{opencv_perspective_transform,
  author   = {OpenCV},
  title    = {Geometric Image Transformations},
  language = {english},
  langid   = {english},
  url      = {https://docs.opencv.org/4.x/da/d54/group__imgproc__transform.html},
  urldate  = {2024-04-25},
}

@online{opencv_warp_perspective,
  author   = {OpenCV},
  title    = {Geometric Image Transformations},
  language = {english},
  langid   = {english},
  url      = {https://docs.opencv.org/4.x/da/d54/group__imgproc__transform.html},
  urldate  = {2024-04-25},
}

@online{opencv_threshold,
  author   = {OpenCV},
  title    = {Image Thresholding},
  language = {english},
  langid   = {english},
  url      = {https://docs.opencv.org/4.x/d7/d4d/tutorial_py_thresholding.html},
  urldate  = {2024-04-25},
}

@online{lsd,
  author   = {pylsd},
  title    = {Line Segment Detector},
  language = {english},
  langid   = {english},
  url      = {https://github.com/primetang/pylsd},
  urldate  = {2024-04-25},
}

@online{yolo,
  title    = {YOLO v.8},
  language = {english},
  langid   = {english},
  url      = {https://github.com/ultralytics/ultralytics},
  urldate  = {2024-04-27},
}

@online{tensorflow,
  title    = {Tensorflow},
  language = {english},
  langid   = {english},
  url      = {https://www.tensorflow.org},
  urldate  = {2024-04-27},
}

@online{kaggle,
  title    = {Kaggle},
  language = {english},
  langid   = {english},
  url      = {https://www.kaggle.com/},
  urldate  = {2023-04-27}
}

@online{wandb,
  title    = {Weights \& Biases},
  language = {english},
  langid   = {english},
  url      = {https://wandb.ai},
  urldate  = {2023-04-27}
}

@online{PyMuPDF,
  title    = {PyMuPDF},
  language = {english},
  langid   = {english},
  url      = {https://github.com/pymupdf/PyMuPDF},
  urldate  = {2023-04-28}
}

@online{pytesseract,
  title    = {Python Tesseract},
  language = {english},
  langid   = {english},
  url      = {https://github.com/madmaze/pytesseract},
  urldate  = {2023-04-30}
}

@online{LaTeX-OCR,
  title    = {LaTeX-OCR},
  language = {english},
  langid   = {english},
  url      = {https://github.com/lukas-blecher/LaTeX-OCR},
  urldate  = {2023-04-30}
}

@online{nms,
  title    = {non-maximum suppression},
  language = {english},
  langid   = {english},
  url      = {https://pandysong.github.io/blog/post/nms-algorithm-non-maximum-suppression/},
  urldate  = {2023-04-27}
}

@online{tkinter,
  title    = {tkinter},
  language = {english},
  langid   = {english},
  url      = {https://tkdocs.com/},
  urldate  = {2023-05-01}
}

@online{matplot,
  title    = {matplotlib},
  language = {english},
  langid   = {english},
  url      = {https://matplotlib.org/stable/index.html},
  urldate  = {2023-04-25}
}